%CUIDADO CON LOS PUTOS & QUE HACE QUE REVIENTE EL COMPILAR, ACORDARSE DE \&
@bill{CE2150/2005,
   author = {Comisión Europea},
   issn = {ISSN 1725-2512},
   month = {12},
   publisher = {Diario Oficial de la Unión Europea},
   title = {REGLAMENTO (CE) Nº 2150/2005 DE LA COMISIÓN de 23 de diciembre de 2005 por el que se establecen normas comunes para la utilización flexible del espacio aéreo},
   url = {https://eur-lex.europa.eu/legal-content/ES/TXT/PDF/?uri=CELEX:32005R2150&from=EN},
   year = {2005},
}